<record><leader>00000cas a2200000 a 4500</leader><controlfield tag="001">13108745</controlfield><controlfield tag="008">860205d19021966caudr ne      0    0eng c</controlfield><datafield ind1=" " ind2=" " tag="010"><subfield code="a">sn 85066524 </subfield></datafield><datafield ind1=" " ind2=" " tag="040"><subfield code="a">KSH</subfield><subfield code="b">eng</subfield><subfield code="c">KSH</subfield><subfield code="d">NPT</subfield><subfield code="d">MGN</subfield><subfield code="d">CNK</subfield><subfield code="d">OCLCQ</subfield><subfield code="d">CNK</subfield><subfield code="d">OCLCQ</subfield><subfield code="d">OCLCF</subfield><subfield code="d">OCLCO</subfield></datafield><datafield ind1="1" ind2=" " tag="029"><subfield code="a">AU@</subfield><subfield code="b">000025783958</subfield></datafield><datafield ind1=" " ind2=" " tag="042"><subfield code="a">pcc</subfield></datafield><datafield ind1=" " ind2=" " tag="043"><subfield code="a">n-us-ca</subfield></datafield><datafield ind1="0" ind2="0" tag="245"><subfield code="a">San Bernardino daily sun.</subfield></datafield><datafield ind1="3" ind2=" " tag="246"><subfield code="a">Sun-telegram</subfield></datafield><datafield ind1="3" ind2=" " tag="246"><subfield code="a">Sun-telegram and the San Bernardino daily sun</subfield></datafield><datafield ind1="1" ind2="7" tag="246"><subfield code="a">San Bernardino sun-telegram</subfield></datafield><datafield ind1=" " ind2=" " tag="260"><subfield code="a">San Bernardino, Calif. :</subfield><subfield code="b">R.C. Harbison</subfield></datafield><datafield ind1=" " ind2=" " tag="300"><subfield code="a">v. ;</subfield><subfield code="c">56 cm.</subfield></datafield><datafield ind1=" " ind2=" " tag="310"><subfield code="a">Daily</subfield></datafield><datafield ind1="0" ind2=" " tag="362"><subfield code="a">Vol. 17, no. 35 (Oct. 9, 1902)-v. 19, no. 51 (Feb. 6, 1966).</subfield></datafield><datafield ind1=" " ind2=" " tag="500"><subfield code="a">On Sundays published as: Sun-telegram and the San Bernardino daily sun, Apr. 13-Sept. 7, 1947; Sun-telegram, Sept. 14, 1947-May 30, 1965; on Sundays and holidays as: Sun-telegram, May 31, 1965-Feb. 5, 1966.</subfield></datafield><datafield ind1=" " ind2=" " tag="500"><subfield code="a">"San Bernardino daily" appears within masthead ornament.</subfield></datafield><datafield ind1=" " ind2=" " tag="515"><subfield code="a">Daily and Sunday issues each have their own numbering.</subfield></datafield><datafield ind1=" " ind2=" " tag="530"><subfield code="a">Master negatives are available for duplication from:</subfield><subfield code="b">California Newspaper Microfilm Archive;</subfield><subfield code="c">positive copies may be purchased by the reel; for further information consult the CNMA at:</subfield><subfield code="u">http://cbsr.ucr.edu</subfield></datafield><datafield ind1=" " ind2="0" tag="651"><subfield code="a">San Bernardino County (Calif.)</subfield><subfield code="v">Newspapers.</subfield></datafield><datafield ind1=" " ind2="7" tag="655"><subfield code="a">Newspapers.</subfield><subfield code="2">fast</subfield><subfield code="0">(OCoLC)fst01423814</subfield></datafield><datafield ind1=" " ind2="7" tag="651"><subfield code="a">California</subfield><subfield code="z">San Bernardino County.</subfield><subfield code="2">fast</subfield><subfield code="0">(OCoLC)fst01207309</subfield></datafield><datafield ind1=" " ind2=" " tag="752"><subfield code="a">United States</subfield><subfield code="b">California</subfield><subfield code="c">San Bernardino</subfield><subfield code="d">San Bernardino.</subfield></datafield><datafield ind1="0" ind2="0" tag="780"><subfield code="t">Daily sun (San Bernardino, Calif.)</subfield><subfield code="w">(DLC)sn 95061913</subfield></datafield><datafield ind1="0" ind2="0" tag="785"><subfield code="t">Sun (San Bernardino, Calif. : 1966)</subfield><subfield code="w">(DLC)sn 93051995</subfield></datafield></record>